@article{dantzig1963linear,
  title={Linear Programming and Extensions, Princeton, Univ},
  author={Dantzig, GB},
  journal={Press, Princeton, NJ},
  year={1963}
}

@inbook{10.1145/87252.88081,
	author = {Dantzig, George B.},
	title = {Origins of the Simplex Method},
	year = {1990},
	isbn = {0201508141},
	publisher = {Association for Computing Machinery},
	address = {New York, NY, USA},
	url = {https://doi.org/10.1145/87252.88081},
	booktitle = {A History of Scientific Computing},
	pages = {141â€“151},
	numpages = {11}
}

@article{bixbybrief,
	title={A Brief History of Linear and Mixed-Integer Programming Computation},
	author={Bixby, Robert E}
}

@article{Padberg1991,
	doi = {10.1137/1033004},
	url = {https://doi.org/10.1137/1033004},
	year = {1991},
	month = mar,
	publisher = {Society for Industrial {\&} Applied Mathematics ({SIAM})},
	volume = {33},
	number = {1},
	pages = {60--100},
	author = {Manfred Padberg and Giovanni Rinaldi},
	title = {A Branch-and-Cut Algorithm for the Resolution of Large-Scale Symmetric Traveling Salesman Problems},
	journal = {{SIAM} Review}
}

@book{boyd_vandenberghe_2004, place={Cambridge}, title={Convex Optimization}, DOI={10.1017/CBO9780511804441}, publisher={Cambridge University Press}, author={Boyd, Stephen and Vandenberghe, Lieven}, year={2004}}

@article{montecarlo,
	author = {Fu, James and Wang, Liqun},
	year = {2002},
	month = {01},
	pages = {5-25},
	title = {A Random-Discretization Based Monte Carlo Sampling Method and its Applications},
	volume = {4},
	journal = {Methodology And Computing In Applied Probability},
	doi = {10.1023/A:1015790929604}
}


@article{mps,
	author = { Liqun   Wang  and  Songqing   Shan  and  G. Gary   Wang },
	title = {Mode-pursuing sampling method for global optimization on expensive black-box functions},
	journal = {Engineering Optimization},
	volume = {36},
	number = {4},
	pages = {419-438},
	year  = {2004},
	publisher = {Taylor & Francis},
	doi = {10.1080/03052150410001686486},
	
	URL = { 
	https://doi.org/10.1080/03052150410001686486
	
	},
	eprint = { 
	https://doi.org/10.1080/03052150410001686486
	
	}
	
}

@inproceedings {KleeMinty,
	AUTHOR = {Klee, Victor and Minty, George J.},
	TITLE = {How good is the simplex algorithm?},
	BOOKTITLE = {Inequalities, {III} ({P}roc. {T}hird {S}ympos., {U}niv.
	{C}alifornia, {L}os {A}ngeles, {C}alif., 1969; dedicated to
	the memory of {T}heodore {S}. {M}otzkin)},
	PAGES = {159--175},
	YEAR = {1972},
	MRCLASS = {90C05},
	MRNUMBER = {0332165},
	MRREVIEWER = {Robert G. Jeroslow},
}